

@misc{wikipedia2021, 
  title={Document classification}, 
  howpublished={\url{https://en.wikipedia.org/wiki/Document_classification}},
  url={https://en.wikipedia.org/wiki/Document_classification}, journal={Wikipedia}, 
  publisher={Wikimedia Foundation},
  year={2021}, 
  month={Jun}
  } 
 
@article{blei2012surveying,
  title={Surveying a suite of algorithms that offer a solution to managing large document archives},
  author={Blei, David M},
  journal={Communication of the ACM},
  volume={55},
  number={4},
  pages={77--84},
  year={2012}
}

@article{salton1975vector,
  title={A vector space model for automatic indexing},
  author={Salton, Gerard and Wong, Anita and Yang, Chung-Shu},
  journal={Communications of the ACM},
  volume={18},
  number={11},
  pages={613--620},
  year={1975},
  publisher={ACM New York, NY, USA}
}

@book{baeza1999modern,
  title={Modern information retrieval},
  author={Baeza-Yates, Ricardo and Ribeiro-Neto, Berthier and others},
  volume={463},
  year={1999},
  publisher={ACM press New York}
}


@article{deerwester1990indexing,
  title={Indexing by latent semantic analysis},
  author={Deerwester, Scott and Dumais, Susan T and Furnas, George W and Landauer, Thomas K and Harshman, Richard},
  journal={Journal of the American society for information science},
  volume={41},
  number={6},
  pages={391--407},
  year={1990},
  publisher={Wiley Online Library}
}


@article{landauer1998introduction,
  title={An introduction to latent semantic analysis},
  author={Landauer, Thomas K and Foltz, Peter W and Laham, Darrell},
  journal={Discourse processes},
  volume={25},
  number={2-3},
  pages={259--284},
  year={1998},
  publisher={Taylor \& Francis}
}


@inbook{cambridge2009online,
  title={Online edition (c) 2009 Cambridge UP An Introduction to Information Retrieval Christopher D},
  author={Cambridge, UP},
  year={2009},
  pages={403--419},
  chapter        = {Matrix Decomposition and Latent Semantic Indexing},
  publisher={Manning Prabhakar Raghavan Hinrich Sch{\"u}tze Cambridge University Press},
  
}

@inproceedings{pu2006short,
  title={Short-text classification based on ICA and LSA},
  author={Pu, Qiang and Yang, Guo-Wei},
  booktitle={International Symposium on Neural Networks},
  pages={265--270},
  year={2006},
  organization={Springer}
}

@inproceedings{cardoso2003empirical,
  title={An empirical comparison of text categorization methods},
  author={Cardoso-Cachopo, Ana and Oliveira, Arlindo L},
  booktitle={International Symposium on String Processing and Information Retrieval},
  pages={183--196},
  year={2003},
  organization={Springer}
}

@article{krishnamurthi2017including,
  title={Including category information as supplements in latent semantic analysis of Hindi documents},
  author={Krishnamurthi, Karthik and Panuganti, Vijayapal Reddy and Bulusu, Vishnu Vardhan},
  journal={International Journal of Computational Science and Engineering},
  volume={15},
  number={1-2},
  pages={138--145},
  year={2017},
  publisher={Inderscience Publishers (IEL)}
}

@article{krishnamurthi2016understanding,
  title={Understanding document semantics from summaries: a case study on Hindi texts},
  author={Krishnamurthi, Karthik and Panuganti, Vijayapal Reddy and Bulusu, Vishnu Vardhan},
  journal={ACM Transactions on Asian and Low-Resource Language Information Processing (TALLIP)},
  volume={16},
  number={1},
  pages={1--20},
  year={2016},
  publisher={ACM New York, NY, USA}
}

@inproceedings{nipu2017machine,
  title={A machine learning approach on latent semantic analysis for ambiguity checking on Bengali literature},
  author={Nipu, Ayesha Siddika and Pal, Urmee},
  booktitle={2017 20th International Conference of Computer and Information Technology (ICCIT)},
  pages={1--4},
  year={2017},
  organization={IEEE}
}

@article{sitaula2021vector,
  title={Vector representation based on a supervised codebook for Nepali documents classification},
  author={Sitaula, Chiranjibi and Basnet, Anish and Aryal, Sunil},
  journal={PeerJ Computer Science},
  volume={7},
  pages={e412},
  year={2021},
  publisher={PeerJ Inc.}
}

@inproceedings{shahi2018nepali,
  title={Nepali news classification using Na{\"\i}ve Bayes, support vector machines and neural networks},
  author={Shahi, Tej Bahadur and Pant, Ashok Kumar},
  booktitle={2018 International Conference on Communication Information and Computing Technology (ICCICT)},
  pages={1--5},
  year={2018},
  organization={IEEE}
}

@inproceedings{kafle2016improving,
  title={Improving nepali document classification by neural network},
  author={Kafle, Kaushal and Sharma, Diwas and Subedi, Aayush and Timalsina, Arun Kr},
  booktitle={Proceedings of IOE Graduate Conference},
  pages={317--322},
  year={2016}
}

@article{subba2019nepali,
  title={Nepali text document classification using deep neural network},
  author={Subba, Sanjeev and Paudel, Nawaraj and Shahi, Tej Bahadur},
  journal={Tribhuvan University Journal},
  volume={33},
  number={1},
  pages={11--22},
  year={2019}
}



@misc{singh2018nepali,
  title={Nepali multi-class text classification},
  author={Singh, OM},
  year={2018}
}


@book{salton1983introduction,
  title={Introduction to modern information retrieval},
  author={Salton, Gerard and McGill, Michael J},
  year={1983},
  publisher={mcgraw-hill}
}

@book{aggarwal2015data,
  title={Data mining: the textbook},
  author={Aggarwal, Charu C},
  year={2015},
  publisher={Springer}
}

@book{schutze2008introduction,
  title={Introduction to information retrieval},
  author={Sch{\"u}tze, Hinrich and Manning, Christopher D and Raghavan, Prabhakar},
  volume={39},
  year={2008},
  publisher={Cambridge University Press Cambridge}
}

@article{hofmann2013probabilistic,
  title={Probabilistic latent semantic analysis},
  author={Hofmann, Thomas},
  journal={arXiv preprint arXiv:1301.6705},
  year={2013}
}

